@ARtICLE{coolreview,
    author = {Chris Stringer},
    title = {Why we are not all multiregionalists now},
    journal = {{T}rends in {E}cology \& {E}volution},
    month = {May},
    year = {2014},
    volume = {29},
    number = {5},
    pages = {248-251},
}



@ARTICLE{fossils,
    author = {C B Stringer and P. Andrews},
    title = {{G}enetic and {F}ossil {E}vidence for the {O}rigin of {M}odern {H}umans},
    journal = {{S}cience},
    month = {March},
    year = {1988},
    volume = {239},
    number = {4845},
    pages = {1263-1298},
}

@ARTICLE{mtdnastuff,
    author = {Adrien Rieux and  Anders Eriksson and  Mingkun Li and  Benjamin Sobkowiak and  Lucy A. Weinert and Vera Warmuth and  Andres Ruiz-Linares and  Andrea Manica and  François Balloux},
    title = {{I}mproved {C}alibration of the {H}uman {M}itochondrial {C}lock {U}sing {A}ncient {G}enomes},
    journal = {{M}olecular {B}iology and {E}volution},
    month = {October},
    year = {2014},
    volume = {31},
    number = {10},
    pages = {2780-2792},
}

@ARTICLE{humorg,
    author = {A. R. Templeton and S. B. Hedges and S Kumar and K Tamura and M Stoneking},
    title = {Human Origins and Analysis of Mitochondrial DNA Sequences},
    journal = {Science},
    month = {February},
    year = {1992},
    volume = {255},
    number = {5045},
    pages = {737-739},
}

@ARTICLE{rj9393,
    author = {Laurent Excoffier and Ziheng Yang},
    title = {{S}ubstitution {R}ate {V}ariation {A}mong {S}ites in {M}itochondrial {H}ypervariable {R}egion {I} of {H}umans and {C}himpanzees},
    journal = {{M}olecular {B}iology and {E}volution},
    month= {October},
    year ={1999},
    volume = {16},
    number = {10},
    pages = {1357-1368},
}

@ARTICLE{republicofturkey,
    author = {Masami Hasegawa and Hirohisa Kishino and Takaaki Yano},
    title = {{D}ating of the {H}uman-{A}pe {S}plitting by a {M}olecular {C}lock of {M}itochondrial {D}NA},
    journal = {{J}ournal of {M}olecular {E}volution},
    month = {may},
    year = {1985},
    volume = {22},
    pages = {160-174},
}

@ARTICLE{elsevierbs,
    author = {Antonio Torroni and Alessandro Achilli and Vincent Macaulay and Martin Richards and Hans-Ju¨rgen Bandelt},
    title = {Harvesting the fruit of the human mtDNA tree},
    journal = {{T}{R}{E}{N}{D}{S} in {G}enetics},
    month = {June},
    year = {2006},
    volume = {22},
    number ={6},
    pages = {336- 345},
}

@ARTICLE{globalalign,
    author = {Saul B Needleman, Christian D. Wunsch},
    title = {A general method applicable to the search for similarities in the amino acid sequence of two proteins},
    journal = {Journal of Molecular Biology},
    month = {March},
    year = {1970},
    volume = {48},
    number = {3},
    pages = {443-453},
}

@ARTICLE{ancient,
    author = {Qiaomei Fu and Alissa Mittnik et al},
    title = {A revised timescale for human evolution based on ancient mitochondrial genomes},
    journal = {Current biology},
    month = {April},
    year = {2013},
    volume = {23},
    number = {7},
    pages = {553-559},
}

@ARTICLE{neanderthal,
    author = {Kay Prufer, Fernando Racimo et al.},
    title = {The complete genome sequence of a Neanderthal from the Altai Mountains},
    journal = {nature},
    month = {January},
    year = {2014},
    volume = {505},
    pages = {43-49},
}

@ARTICLE{penny,
    author ={David Penny et al},
    title = {Improved analyses of human mtDNA sequence support recent African origin for \textit{Homo sapiens}},
    journal = {Molecular bioligy and evolution},
    month = {september},
    year = {1995},
    volume = {12},
    number = {5},
    pages = {863- 882},
}

@ARTICLE{multiregionalis,
    author = {Naoyuki Takahata and Sang-Hee Lee and Yoko Satta},
    title = {Testing Multiregionality of Modern Human Origins},
    journal = {Molecular Biology and Evolution},
    month = {February},
    year = {2001},
    volume = {18},
    number = {2},
    pages = {172-183},
}